<record><leader>00000cas a22000007a 4500</leader><controlfield tag="001">32044256</controlfield><controlfield tag="008">950224d19761980ncuwr ne      0    0eng d</controlfield><datafield ind1=" " ind2=" " tag="010"><subfield code="a">sn 95072301 </subfield></datafield><datafield ind1=" " ind2=" " tag="040"><subfield code="a">NVJ</subfield><subfield code="b">eng</subfield><subfield code="c">NVJ</subfield><subfield code="d">OCLCQ</subfield></datafield><datafield ind1=" " ind2=" " tag="042"><subfield code="a">msc</subfield></datafield><datafield ind1="0" ind2=" " tag="130"><subfield code="a">News (Hamlet, N.C.)</subfield></datafield><datafield ind1="1" ind2="4" tag="245"><subfield code="a">The news.</subfield></datafield><datafield ind1=" " ind2=" " tag="260"><subfield code="a">Hamlet, N.C. :</subfield><subfield code="b">Hamlet news</subfield></datafield><datafield ind1=" " ind2=" " tag="300"><subfield code="a">v.</subfield></datafield><datafield ind1=" " ind2=" " tag="310"><subfield code="a">Weekly</subfield></datafield><datafield ind1="0" ind2=" " tag="362"><subfield code="a">69th year, no. 54 (Feb. 5, 1976)-73rd year, no. 14 (Dec. 31, 1980).</subfield></datafield><datafield ind1=" " ind2=" " tag="752"><subfield code="a">United States</subfield><subfield code="b">North Carolina</subfield><subfield code="c">Richmond</subfield><subfield code="d">Hamlet.</subfield></datafield><datafield ind1="0" ind2="0" tag="780"><subfield code="t">Hamlet news</subfield><subfield code="w">(DLC)sn 95072300</subfield></datafield><datafield ind1="0" ind2="7" tag="785"><subfield code="t">Richmond County this week</subfield><subfield code="w">(DLC)sn 80001569</subfield></datafield><datafield ind1="0" ind2="7" tag="785"><subfield code="t">News of Richmond County this week</subfield><subfield code="w">(DLC)sn 95072302</subfield></datafield></record>